@article{percolation1996,
  title = {Percolation in random-Sierpi\ifmmode \acute{n}\else \'{n}\fi{}ski carpets: A real space renormalization group approach},
  author = {Perreau, Michel and Peiro, Joaquina and Berthier, Serge},
  journal = {Phys. Rev. E},
  volume = {54},
  issue = {5},
  pages = {4590--4595},
  numpages = {0},
  year = {1996},
  month = {Nov},
  publisher = {American Physical Society},
  doi = {10.1103/PhysRevE.54.4590},
  url = {https://link.aps.org/doi/10.1103/PhysRevE.54.4590}
}

@article{newkome2006nanoassembly,
  title={Nanoassembly of a fractal polymer: A molecular" sierpinski hexagonal gasket"},
  author={Newkome, George R and Wang, Pingshan and Moorefield, Charles N and Cho, Tae Joon and Mohapatra, Prabhu P and Li, Sinan and Hwang, Seok-Ho and Lukoyanova, Olena and Echegoyen, Luis and Palagallo, Judith A and others},
  journal={Science},
  volume={312},
  number={5781},
  pages={1782--1785},
  year={2006},
  publisher={American Association for the Advancement of Science}
}

@article{mcmullen1984hausdorff,
  title={Hausdorff dimension of general Sierpinski carpets},
  author={McMullen, Curtis T},
  year={1984},
  publisher={Nagoya University Department of Mathematics}
}

@article{transport2016,
  title = {Quantum transport in Sierpinski carpets},
  author = {van Veen, Edo and Yuan, Shengjun and Katsnelson, Mikhail I. and Polini, Marco and Tomadin, Andrea},
  journal = {Phys. Rev. B},
  volume = {93},
  issue = {11},
  pages = {115428},
  numpages = {5},
  year = {2016},
  month = {Mar},
  publisher = {American Physical Society},
  doi = {10.1103/PhysRevB.93.115428},
  url = {https://link.aps.org/doi/10.1103/PhysRevB.93.115428}
}

@unpublished{optics2017,
	author	= {van Veen, Edo and {Andrea Tomadin} and {Marco Polini} and {Mikhail I. Katsnelson} and {Shengjun Yuan}},
	title	= {{Quantum optics in Sierpinski carpets}},
	year	= 2017
}

@inproceedings{atlas_siam,
  author={R. Clint Whaley and Jack Dongarra},
  title={{Automatically Tuned Linear Algebra Software}},
  booktitle={Ninth SIAM Conference on Parallel Processing for Scientific Computing},
  note={CD-ROM Proceedings},
  year={1999}
}

@misc{intel-mkl,
  author={Intel},
  key={\texttt{MKL}},
  organization={Intel},
  title={{Math Kernel Library} (\texttt{MKL})},
  note={\url{https://software.intel.com/en-us/mkl}},
  year={2017}
}

@manual{tipsi,
  author={{Shengjun Yuan} and {Edo van Veen} and {Guus Slotman}},
  organization={Radboud University},
  title={\texttt{TIPSI}},
  note={\url{http://www.theorphys.science.ru.nl/people/yuan/\#tipsi}},
  year={2017}
}

@misc{plasmon-cpp,
  author={Westerhout, Tom},
  title={plasmon-cpp},
  year={2017},
  publisher={GitHub},
  journal={GitHub repository},
  howpublished={\url{https://github.com/twesterhout/plasmon-cpp}},
}
@manual{github,
  key={MIT License},
  title={MIT Sortware License},
  note={\url{https://mit-license.org}},
  year={2017}
}

@book{vonsovskiui1989quantum,
  title={Quantum solid-state physics},
  author={Vonsovskii, Sergei Vasil'evich and Katsnel'son, Mikhail Iosifovich},
  volume={73},
  year={1989},
  publisher={Springer Verlag}
}

@book{1972causality,
  title={Causality and Dispersion Relations},
  author={H.M. Nussenzveig},
  series={Mathematics in Science and Engineering},
  year={1972},
  publisher={Elsevier Science}
}

@book{giuliani2005quantum,
  title={Quantum Theory of the Electron Liquid},
  author={Giuliani, G. and Vignale, G.},
  series={Masters Series in Physics and Astronomy},
  year={2005},
  publisher={Cambridge University Press}
}

@book{jackson1925classical,
  title={Classical Electrodynamics},
  author={Jackson, John David},
  year={1925},
  publisher={John Wiley \& Sons, Inc.}
}

@article{kadanoff1983,
  title = {Solutions to the Schr\"odinger equation on some fractal lattices},
  author = {Domany, Eytan and Alexander, Shlomo and Bensimon, David and Kadanoff, Leo P.},
  journal = {Phys. Rev. B},
  volume = {28},
  issue = {6},
  pages = {3110--3123},
  numpages = {0},
  year = {1983},
  month = {Sep},
  publisher = {American Physical Society},
  doi = {10.1103/PhysRevB.28.3110},
  url = {https://link.aps.org/doi/10.1103/PhysRevB.28.3110}
}

@book{brongersma2007surface,
  title={Surface plasmon nanophotonics},
  author={Brongersma, Mark L and Kik, Pieter G},
  year={2007},
  publisher={Springer}
}

@article{nanolithography2004,
  title={Plasmonic nanolithography},
  author={Srituravanich, Werayut and Fang, Nicholas and Sun, Cheng and Luo, Qi and Zhang, Xiang},
  journal={Nano letters},
  volume={4},
  number={6},
  pages={1085--1088},
  year={2004},
  publisher={ACS Publications}
}

@article{towards2005,
  title = "Towards advanced chemical and biological nanosensorsâ€”An overview",
  journal = "Talanta",
  volume = "67",
  number = "3",
  pages = "438 - 448",
  year = "2005",
  note = "Nanoscience and Nanotechnology",
  issn = "0039-9140",
  doi = "http://dx.doi.org/10.1016/j.talanta.2005.06.039",
  url = "http://www.sciencedirect.com/science/article/pii/S0039914005003504",
  author = "Chanda Ranjit Yonzon and Douglas A. Stuart and Xiaoyu Zhang and Adam D. McFarland and Christy L. Haynes and Richard P. Van Duyne"
}

@article{second-harmonic1994,
  title = {Surface-enhanced second-harmonic diffraction: Selective enhancement by spatial harmonics},
  author = {Pipino, Andrew C. R. and Schatz, George C. and Van Duyne, Richard P.},
  journal = {Phys. Rev. B},
  volume = {49},
  issue = {12},
  pages = {8320--8330},
  numpages = {0},
  year = {1994},
  month = {Mar},
  publisher = {American Physical Society},
  doi = {10.1103/PhysRevB.49.8320},
  url = {https://link.aps.org/doi/10.1103/PhysRevB.49.8320}
}

@article{raman2005,
  author = {Haynes, Christy L. and Yonzon, Chanda Ranjit and Zhang, Xiaoyu and Van Duyne, Richard P.},
  title = {Surface-enhanced Raman sensors: early history and the development of sensors for quantitative biowarfare agent and glucose detection},
  journal = {Journal of Raman Spectroscopy},
  volume = {36},
  number = {6-7},
  publisher = {John Wiley & Sons, Ltd.},
  issn = {1097-4555},
  url = {http://dx.doi.org/10.1002/jrs.1376},
  doi = {10.1002/jrs.1376},
  pages = {471--484},
  year = {2005}
}

@article{artificial2013,
	author = "{Polini Marco} and {Guinea Francisco} and {Lewenstein Maciej} and {Manoharan Hari C.} and {Pellegrini Vittorio}",
	doi = "http://dx.doi.org/10.1038/nnano.2013.161 10.1038/nnano.2013.161",
	issn = "1748-3387",
	journal = "Nat Nano",
	month = "sep",
	number = "9",
	pages = "625--633",
	publisher = "Nature Publishing Group, a division of Macmillan Publishers Limited. All Rights Reserved.",
	title = "{Artificial honeycomb lattices for electrons, atoms and photons}",
	volume = "8",
	year = "2013"
}


@article{engineering2009,
  title = {Engineering artificial graphene in a two-dimensional electron gas},
  author = {Gibertini, Marco and Singha, Achintya and Pellegrini, Vittorio and Polini, Marco and Vignale, Giovanni and Pinczuk, Aron and Pfeiffer, Loren N. and West, Ken W.},
  journal = {Phys. Rev. B},
  volume = {79},
  issue = {24},
  pages = {241406},
  numpages = {4},
  year = {2009},
  month = {Jun},
  publisher = {American Physical Society},
  doi = {10.1103/PhysRevB.79.241406},
  url = {https://link.aps.org/doi/10.1103/PhysRevB.79.241406}
}


@article{egerton2009eels,
    author = "Egerton, R.F.",
    title = "{Electron energy-loss spectroscopy in the TEM}",
    journal = "Reports on Progress in Physics",
    number = "1",
    pages = "016502",
    volume = "72",
    year = "2009",
    url = "http://stacks.iop.org/0034-4885/72/i=1/a=016502"
}


@article{plasmonic2015,
    author = "{Wang Weihua} and {Christensen Thomas} and {Jauho Antti-Pekka} and {Thygesen Kristian S.} and {Wubs Martijn} and {Mortensen N. Asger}",
    title = "{Plasmonic eigenmodes in individual and bow-tie graphene nanotriangles}",
    journal = "Scientific Reports",
    volume = "5",
    pages = "9535",
    month = "apr",
    year = "2015",
    publisher = "The Author(s)",
    url = "http://www.nature.com/articles/srep09535\#supplementary-information",
    doi = "http://dx.doi.org/10.1038/srep09535 10.1038/srep09535"
}

@article{andersen2012spatially,
  title={Spatially resolved quantum plasmon modes in metallic nano-films from first-principles},
  author={Andersen, Kirsten and Jacobsen, Karsten W and Thygesen, Kristian S},
  journal={Physical Review B},
  volume={86},
  number={24},
  pages={245129},
  year={2012},
  publisher={APS}
}
